@Book{knuth:91,
  author = 	 {Donald E. Knuth},
  title = 	 {The {\TeX} Book},
  publisher = 	 {Addison-Wesley},
  year = 	 {1991},
  edition = 	 {20th}
}

@Book{lamport:94,
  author = 	 {Leslie Lamport},
  title = 	 {{\LaTeX}: a document preparation system},
  publisher = 	 {Addison-Wesley},
  year = 	 {1994},
  edition = 	 {2th}
}